{
  "leader": "01890cam a2200325Ia 4500",
  "fields": [
    {
      "001": "ocm52712078\\"
    },
    {
      "003": "OCoLC"
    },
    {
      "005": "20220103103714.0"
    },
    {
      "008": "030723s2001\\\\\\\\nyu\\\\\\\\\\\\b\\\\\\\\001\\0\\eng\\d"
    },
    {
      "040": {
        "ind1": "\\",
        "ind2": "\\",
        "subfields": [
          {
            "a": "GDC"
          },
          {
            "b": "eng"
          },
          {
            "c": "GDC"
          },
          {
            "d": "OCLCF"
          },
          {
            "d": "OCLCQ"
          },
          {
            "d": "OCLCO"
          }
        ]
      }
    },
    {
      "020": {
        "ind1": "\\",
        "ind2": "\\",
        "subfields": [
          {
            "a": "0935934103"
          }
        ]
      }
    },
    {
      "020": {
        "ind1": "\\",
        "ind2": "\\",
        "subfields": [
          {
            "a": "9780935934106"
          }
        ]
      }
    },
    {
      "035": {
        "ind1": "\\",
        "ind2": "\\",
        "subfields": [
          {
            "a": "(OCoLC)52712078"
          }
        ]
      }
    },
    {
      "050": {
        "ind1": "\\",
        "ind2": "4",
        "subfields": [
          {
            "a": "BL458"
          },
          {
            "b": ".W66 2001"
          }
        ]
      }
    },
    {
      "082": {
        "ind1": "0",
        "ind2": "4",
        "subfields": [
          {
            "a": "200.82"
          },
          {
            "b": "WOM"
          }
        ]
      }
    },
    {
      "245": {
        "ind1": "0",
        "ind2": "2",
        "subfields": [
          {
            "a": "A woman's place :"
          },
          {
            "b": "religious women as public actors /"
          },
          {
            "c": "edited by Azza Karam."
          }
        ]
      }
    },
    {
      "246": {
        "ind1": "3",
        "ind2": "0",
        "subfields": [
          {
            "a": "Religious women as public actors"
          }
        ]
      }
    },
    {
      "260": {
        "ind1": "\\",
        "ind2": "\\",
        "subfields": [
          {
            "a": "New York, N.Y. :"
          },
          {
            "b": "World Conference on Religion and Peace Women's Program,"
          },
          {
            "c": "\u00a92001."
          }
        ]
      }
    },
    {
      "300": {
        "ind1": "\\",
        "ind2": "\\",
        "subfields": [
          {
            "a": "215 pages ;"
          },
          {
            "c": "23 cm"
          }
        ]
      }
    },
    {
      "336": {
        "ind1": "\\",
        "ind2": "\\",
        "subfields": [
          {
            "a": "text"
          },
          {
            "b": "txt"
          },
          {
            "2": "rdacontent"
          }
        ]
      }
    },
    {
      "337": {
        "ind1": "\\",
        "ind2": "\\",
        "subfields": [
          {
            "a": "unmediated"
          },
          {
            "b": "n"
          },
          {
            "2": "rdamedia"
          }
        ]
      }
    },
    {
      "338": {
        "ind1": "\\",
        "ind2": "\\",
        "subfields": [
          {
            "a": "volume"
          },
          {
            "b": "nc"
          },
          {
            "2": "rdacarrier"
          }
        ]
      }
    },
    {
      "504": {
        "ind1": "\\",
        "ind2": "\\",
        "subfields": [
          {
            "a": "Includes bibliographical references and index."
          }
        ]
      }
    },
    {
      "505": {
        "ind1": "0",
        "ind2": "0",
        "subfields": [
          {
            "t": "Religious women : the challenges, the dreams, and the possibilities /"
          },
          {
            "r": "Azza Karam --"
          },
          {
            "t": "Gender roles, state and governance in Hinduism /"
          },
          {
            "r": "Renuka Sharma --"
          },
          {
            "t": "Buddhist attitudes toward women /"
          },
          {
            "r": "Rita Gross --"
          },
          {
            "t": "Warrants for women's authority in Chinese religious traditions /"
          },
          {
            "r": "Deborah Sommer --"
          },
          {
            "t": "The warrants for religious women as public actors /"
          },
          {
            "r": "Nokuzola Mndende --"
          },
          {
            "t": "Transforming the nature of community /"
          },
          {
            "r": "Judith Plaskow --"
          },
          {
            "t": "Muffled voices /"
          },
          {
            "r": "Mary S. Perpin\u0303an --"
          },
          {
            "t": "Women's full participation in the public sphere : implications of the Protestant doctrines of creation and salvation /"
          },
          {
            "r": "Nelia B. Scovill --"
          },
          {
            "t": "The culture of peaceful coexistence in Islam and the role of women /"
          },
          {
            "r": "Souad I. Saleh --"
          },
          {
            "t": "Islam and women as agents of peace and human rights /"
          },
          {
            "r": "Amina Wadud --"
          },
          {
            "t": "Women, social action, and the common good /"
          },
          {
            "r": "Janet A. Khan."
          }
        ]
      }
    },
    {
      "650": {
        "ind1": "\\",
        "ind2": "0",
        "subfields": [
          {
            "a": "Women and religion."
          }
        ]
      }
    },
    {
      "650": {
        "ind1": "\\",
        "ind2": "7",
        "subfields": [
          {
            "a": "Women and religion."
          },
          {
            "2": "fast"
          },
          {
            "0": "(OCoLC)fst01177110"
          }
        ]
      }
    },
    {
      "700": {
        "ind1": "1",
        "ind2": "\\",
        "subfields": [
          {
            "a": "Karam, Azza M."
          }
        ]
      }
    },
    {
      "994": {
        "ind1": "\\",
        "ind2": "\\",
        "subfields": [
          {
            "a": "Z0"
          },
          {
            "b": "NYRVC"
          }
        ]
      }
    },
    {
      "948": {
        "ind1": "\\",
        "ind2": "\\",
        "subfields": [
          {
            "h": "NO HOLDINGS IN NYRVC - 7 OTHER HOLDINGS"
          }
        ]
      }
    },
    {
      "999": {
        "ind1": "\\",
        "ind2": "\\",
        "subfields": [
          {
            "a": "00000000039635"
          }
        ]
      }
    }
  ]
}